@book{ulrich_eppinger,
  place     = {New York, NY},
  edition   = {Seventh Edition},
  title     = {Product Design and Development},
  publisher = {McGraw-Hill Education},
  author    = {Ulrich, Karl T. and Eppinger, Steven D. and Yang, Maria C.},
  year      = {2020}
} 


@online{scrum,
  author       = {Schwaber, Ken and Sutherland, Jeff},
  month        = {11},
  title        = {Scrum Guide},
  url          = {https://scrumguides.org/scrum-guide.html},
  year         = {2020},
  organization = {Scrumguides.org}
}

@book{cross,
  place     = {Chichester, England, West Sussex},
  edition   = {Third Edition},
  title     = {Engineering Design Methods: Strategies for Product Design},
  publisher = {John Wiley and Sons, Ltd},
  author    = {Cross, Nigel},
  year      = {2000}
}

@book{french,
  place     = {Berlin},
  edition   = {Second Edition},
  title     = {Conceptual Design for Engineers},
  publisher = {Springer-Verlag Berlin Heidelberg GmbH},
  author    = {French, Michael Joseph},
  year      = {1985}
} 

@book{pahl_beitz,
  place     = {London},
  edition   = {Third Edition},
  title     = {Engineering Design: A Systematic Approach},
  publisher = {Springer},
  author    = {Pahl, Gerhard and Feldhusen, Jörg and Grote, Karl-Heinrich and Beitz, Wolfgang},
  year      = {2007}
} 

@online{pearl_jam,
  title     = {Nine Dead At Pearl Jam Concert},
  url       = {https://web.archive.org/web/20180830050458/https://www.rollingstone.com/music/music-news/nine-dead-at-pearl-jam-concert-235167/},
  journal   = {Internet Archive},
  publisher = {Rolling Stone},
  author    = {Fricke, David},
  year      = {2000},
  month     = {8}
} 

@online{rf,
  url       = {https://web.archive.org/web/20241212233325/https://yourope.org/member/roskilde-festival/},
  publisher = {Internet Archive},
  title     = {Roskilde Festival},
  author    = {YOUROPE - The European Festival Association}
} 

@book{hubka_eder,
  place     = {London},
  title     = {Design Science: Introduction to the needs, scope and Organization of Engineering Design Knowledge},
  publisher = {Springer London},
  author    = {Hubka, Vladimir and Eder, Wolfgang Ernst},
  year      = {1996}
} 

@book{lean_startup,
  place     = {New York},
  title     = {The Lean Startup: How Toda's Entrepreneurs Use Continuous Innovation to Create Radically Successful Businesses},
  publisher = {Crown Business},
  author    = {Ries, Eric},
  year      = {2011}
} 

@inproceedings{eder,
  author  = {Eder, Wolfgang},
  year    = {2009},
  month   = {01},
  pages   = {},
  title   = {Why Systematic Design Engineering?},
  volume  = {8},
  journal = {Proceedings of the ASME Design Engineering Technical Conference},
  doi     = {10.1115/DETC2009-86067}
}

@inproceedings{rf_app,
  title   = {Space vs. Place: Comparing Space-based Movements and Place-based Experiences at the Roskilde Festival 2015},
  doi     = {10.1145/2930971.2930983},
  journal = {Proceedings of the 7th 2016 International Conference on Social Media & Society},
  author  = {Zimmerman, Chris and Madsen, René and Eliassen, Henrik Hammer and Vatrapu, Ravi},
  volume  = {11},
  year    = {2016},
  pages   = {1-10}
} 

@online{gps,
  url       = {https://web.archive.org/web/20250421225547/https://www.gps.gov/systems/gps/performance/accuracy/},
  publisher = {Internet Archive},
  title     = {GPS Accuracy},
  author    = {GPS.gov}
} 

@online{tomorrowland_app,
  url       = {https://web.archive.org/web/20220709110843/https://preview.redd.it/m5jhl2mvyia91.jpg?width=1170&format=pjpg&auto=webp&s=2c44480b31448b153fc81a2dc11269662ebdd985},
  publisher = {Internet Archive},
  title     = {Tomorrowland Map},
  author    = {Reddit}
} 

@online{smukfest_app,
  url       = {https://web.archive.org/web/20250408172430/https://apps.apple.com/dk/app/smukfest-2025/id6447997155},
  publisher = {Internet Archive},
  title     = {Smukfest 2025},
  author    = {Apple App Store}
}

@online{glastonbury_app,
  url       = {https://web.archive.org/web/20250207080506/https://3sidedcube.com/projects/an-app-to-truly-elevate-the-festival-experience-for-every-attendee},
  publisher = {Internet Archive},
  title     = {An App To Truly Elevate The Festival Experience For Every Attendee},
  author    = {3 SIDED CUBE}
}

@online{bt_beacon,
  url       = {https://web.archive.org/web/20240529070543/https://www.wiliot.com/bluetooth-beacon#applications-of-bluetooth-beacons},
  publisher = {Internet Archive},
  title     = {Bluetooth Beacon},
  author    = {Wiliot}
}

@article{borghese,
  title   = {Managing Crowded Museums: Visitors Flow Measurement, Analysis, Modeling, and Optimization},
  volume  = {53},
  url     = {https://arxiv.org/abs/2006.16830},
  journal = {Journal of Computational Science},
  author  = {Centorrino, Pietro and Corbetta, Alessandro and Cristiani, Emiliano and Onofri, Elia},
  year    = {2021},
  month   = {Jul}
} 

@article{bt_japan,
  title   = {Quantifying crowding perception at large events using beacons and surveys},
  volume  = {15},
  doi     = {10.1038/s41598-024-83065-4},
  number  = {1},
  journal = {Scientific Reports},
  author  = {Tanida, Sakurako and Kim, Hyerin and Feliciani, Claudio and Jia, Xiaolu and Takahashi, Akira and Aikoh, Tetsuya and Nishinari, Katsuhiro},
  year    = {2025},
  month   = {Jan}
} 